@online{microchip2023,
  title         = {PIC Oscillator-Oscilator Start-up Timer OST},
  organization  = {Microchip},
  date          = {2021},
  urldate       = {2023-01-18},
  url           = {https://microchipdeveloper.com/32bit:osc-ost},
}
@online{Interrupt,
  title         = {From-Zero-to-Main},
  organization  = {Interrupt memfault},
  date          = {2019},
  urldate       = {2023-02-08},
  url           = {https://interrupt.memfault.com/tag/zero-to-main/},
}
@online{lorv_eva1,
  title         = {lorv-eva1-code-base},
  organization  = {lorv personal github page},
  date          = {2023},
  urldate       = {2023-04-09},
  url           = {https://github.com/leeky-mem/MCU-boot-process},
}
@online{ArmDevGuideCortexMCompTable,
  title         = {ARM-Cortex-M Processor Comparison Table},
  organization  = {Arm},
  date          = {2022},
  urldate       = {2023-02-09},
  url           = {https://developer.arm.com/documentation/102787/0100/},
}
@online{OSdevWiki,
  title         = {Linker Scrips},
  organization  = {OsDev},
  date          = {2022},
  urldate       = {2023-02-09},
  url           = {https://wiki.osdev.org/Linker_Scripts#KEEP},
}
@online{EmbeddedSecurity,
  title         = {Embedded Securtiy and TrustZone},
  organization  = {embeddedsecurity.io},
  date          = {2020},
  urldate       = {2023-02-17},
  url           = {https://embeddedsecurity.io/},
}
@online{TutorialsPoint,
  title         = {Compiler Design},
  organization  = {TutorialsPoint},
  date          = {2023},
  urldate       = {2023-02-17},
  url           = {https://www.tutorialspoint.com/compiler_design/compiler_design_symbol_table.htm},
}
@online{ManpageObjdump,
  title         = {Objdump Manual},
  organization  = {Debian},
  date          = {2023},
  urldate       = {2023-02-19},
  url           = {https://manpages.debian.org/testing/binutils-arm-none-eabi/arm-none-eabi-objdump.1.en.html},
}
@online{nrf52840Specification,
  title         ={nRF52840 Product Specification},
  organization  = {Nordic Semiconductors},
  date          = {2023},
  urldate       = {2023-02-23},
  url           = {https://infocenter.nordicsemi.com/topic/struct_nrf52/struct/nrf52840.html},
}
@online{GNULinkerDocumentation,
  title         ={The GNU Linker},
  organization  = {GNU},
  date          = {2023},
  urldate       = {2023-02-23},
  url           = {https://ftp.gnu.org/old-gnu/Manuals/ld-2.9.1/html_mono/ld.html#SEC5},
}
@online{GNUBInutils,
  title         = {GNU linker ld},
  organization  = {Sourceware},
  date          = {2023},
  urldate       = {2023-02-23},
  url           = {https://sourceware.org/binutils/docs/ld/},
}
@online{ARMDevGuideProcCallStand,
  title         = {ARM-Procedure-call-standard},
  organization  = {ARM},
  date          = {2023},
  urldate       = {2023-02-23},
  url           = {https://developer.arm.com/documentation/dui0056/d/using-the-procedure-call-standard/the-stack},
}
@online{ArmDeveloperDocCompSpecFeat,
  title         = {ARM-Compiler-specific-Features},
  organization  = {Arm},
  date          = {2023},
  urldate       = {2023-02-24},
  url           = {https://developer.arm.com/documentation/dui0491/i/Compiler-specific-Features},
}
@online{nrfxDriverCollection,
  title         = {nrfx gcc startup nrf52},
  organization  = {Nordic Semiconductors},
  date          = {2022},
  urldate       = {2023-02-24},
  url           = {https://github.com/NordicSemiconductor/nrfx/blob/master/mdk/gcc_startup_nrf52.S},
}
@manual{ARMv6-MRefManual,
  title = {ARMv6-M Architecture Reference Manual},
  organization = {Arm},
  origdate = {2018},
  url = {https://developer.arm.com/documentation/ddi0419/e/?lang=en},
}
@manual{ARMv7-MRefManual,
  title = {ARMv7-M Architecture Reference Manual},
  organization = {Arm},
  origdate = {2021},
  url = {https://developer.arm.com/documentation/ddi0403/latest/},
}
@online{ArmDevGuideCoreRegisters,
  title = {ARM-Core Registers},
  organization = {Arm},
  date = {2023},
  urldate = {2023-03-02},
  url = {https://developer.arm.com/documentation/dui0552/a/the-cortex-m3-processor/programmers-model/core-registers?lang=en},
}
@online{ArmDevGuideSCSRegs,
  title = {ARM-System Control Space},
  organization = {Arm},
  date = {2023},
  urldate = {2023-03-02},
  url = {https://developer.arm.com/documentation/ddi0403/d/System-Level-Architecture/System-Address-Map/System-Control-Space--SCS-},
}
@online{ArmDevGuideSyncPrimDev,
  title = {ARM-Synchronization Primitives Development Article},
  organization = {Arm},
  date = {2023},
  urldate = {2023-03-02},
  url = {https://developer.arm.com/documentation/dht0008/a/ch01s02s01},
}
@online{ArmDevGuideAlignment,
  title = {ARM-Stack-allignment},
  organization = {Arm},
  date = {2023},
  urldate = {2023-03-09},
  url = {https://developer.arm.com/documentation/dui0056/d/using-the-procedure-call-standard/the-stack/eight-byte-alignment},
}
@online{GccGNUOnlneDocsCPreProc,
  title = {The C Preprocessor},
  organization = {GNU},
  urldate = {2023-03-04},
  url = {https://gcc.gnu.org/onlinedocs/cpp/},
}
